@article{fama1970efficient,
  title={Efficient capital markets},
  author={Fama, Eugene F},
  journal={Journal of finance},
  volume={25},
  number={2},
  pages={383--417},
  year={1970}
}

@article{lo2004adaptive,
  title={The adaptive markets hypothesis: Market efficiency from an evolutionary perspective},
  author={Lo, Andrew W},
  journal={Journal of Portfolio Management, Forthcoming},
  year={2004}
}

@article{grinblatt1989mutual,
  title={Mutual fund performance: An analysis of quarterly portfolio holdings},
  author={Grinblatt, Mark and Titman, Sheridan},
  journal={Journal of business},
  pages={393--416},
  year={1989},
  publisher={JSTOR}
}

@article{jegadeesh1993returns,
  title={Returns to buying winners and selling losers: Implications for stock market efficiency},
  author={Jegadeesh, Narasimhan and Titman, Sheridan},
  journal={The Journal of finance},
  volume={48},
  number={1},
  pages={65--91},
  year={1993},
  publisher={Wiley Online Library}
}

@article{fama1996multifactor,
  title={Multifactor explanations of asset pricing anomalies},
  author={Fama, Eugene F and French, Kenneth R},
  journal={The journal of finance},
  volume={51},
  number={1},
  pages={55--84},
  year={1996},
  publisher={Wiley Online Library}
}

@article{barroso2015momentum,
  title={Momentum has its moments},
  author={Barroso, Pedro and Santa-Clara, Pedro},
  journal={Journal of Financial Economics},
  volume={116},
  number={1},
  pages={111--120},
  year={2015},
  publisher={Elsevier}
}

@article{moskowitz2012time,
  title={Time series momentum},
  author={Moskowitz, Tobias J and Ooi, Yao Hua and Pedersen, Lasse Heje},
  journal={Journal of financial economics},
  volume={104},
  number={2},
  pages={228--250},
  year={2012},
  publisher={Elsevier}
}

@article{asness2013value,
  title={Value and momentum everywhere},
  author={Asness, Clifford S and Moskowitz, Tobias J and Pedersen, Lasse Heje},
  journal={The journal of finance},
  volume={68},
  number={3},
  pages={929--985},
  year={2013},
  publisher={Wiley Online Library}
}